@book{vukovic,
  author =	 {Mladen Vukovi\'{c}},
  title =	 {Matemati\v{c}ka logika},
  publisher =	 {Element},
  year =	 {2009},
}

@book{Hutton_2016,
  author =	 {Hutton, Graham},
  title =	 {{Programming in Haskell}},
  publisher =	 {Cambridge University Press},
  year =	 {2016},
}

@book{cpdt,
  author =	 {Chlipala, Adam},
  title =	 {{Certified Programming with Dependent Types: A
                  Pragmatic Introduction to the Coq Proof Assistant}},
  publisher =	 {MIT Press},
  year =	 {2022},
}

@book{coqart,
  author =	 {Bertot, Yves and Cast{\'e}ran, Pierre},
  title =	 {{Interactive Theorem Proving and Program
                  Development: Coqâ€™Art: The Calculus of Inductive
                  Constructions}},
  publisher =	 {Springer Science \& Business Media},
  year =	 {2013},
}

@book{pierce2002tapl,
  author =	 {Pierce, Benjamin C.},
  title =	 {Types and Programming Languages},
  publisher =	 {MIT Press},
  year =	 {2002},
}




@misc{sf-lf,
  author =	 {Pierce, Benjamin C. and others},
  title =	 "Logical Foundations",
  howpublished = "\url{http://softwarefoundations.cis.upenn.edu}",
  note =	 {Pristupljeno: 01.04.2024.}
}

@misc{sf-plf,
  author =	 {Pierce, Benjamin C. and others},
  title =	 "Programming Language Foundations",
  howpublished = "\url{http://softwarefoundations.cis.upenn.edu}",
  note =	 {Pristupljeno: 01.04.2024.},
}

@misc{sf-vfa,
  author =	 {Andrew W. Appel},
  title =	 "Verified Functional Algorithms",
  howpublished = "\url{http://softwarefoundations.cis.upenn.edu}",
  note =	 {Pristupljeno: 01.04.2024.},
}

@misc{coqrefman,
  author =	 "{The Coq Development Team}",
  title =	 "{The Coq Reference Manual, Release 8.18.0}",
  year =	 2023,
  howpublished = "\url{https://coq.inria.fr/doc/v8.18/refman/}",
  note = {Pristupljeno: 25.06.2024.}
}




@inproceedings{cic,
  author =	 {Pfenning, Frank and Paulin-Mohring, Christine},
  title =	 {{ Inductively defined types in the Calculus of
                  Constructions}},
  year =	 {1989},
  booktitle =	 {Proceedings of the 5th International Conference on
                  Mathematical Foundations of Programming Semantics},
  pages =	 {209--228},
}

@inproceedings{coinductive,
  author =	 "Gim{\'e}nez, Eduardo",
  title =	 "Codifying guarded definitions with recursive
                  schemes",
  booktitle =	 "Types for Proofs and Programs",
  year =	 "1995",
  pages =	 "39--59",
}

@inproceedings{brotherston2005,
  author =	 "Brotherston, James",
  title =	 "Cyclic Proofs for First-Order Logic with Inductive
                  Definitions",
  booktitle =	 "Automated Reasoning with Analytic Tableaux and
                  Related Methods",
  year =	 {2005},
\  pages =	 "78--92",
}

@inproceedings{cyclist,
  author =	 "Brotherston, James and Gorogiannis, Nikos and
                  Petersen, Rasmus L.",
  title =	 "{A Generic Cyclic Theorem Prover}",
  booktitle =	 "Programming Languages and Systems",
  year =	 {2012},
  pages =	 "350--367",
}

@inproceedings{autosubst2,
  author =	 {Stark, Kathrin and Sch\"{a}fer, Steven and Kaiser,
                  Jonas},
  title =	 {{Autosubst 2: Reasoning with Multi-Sorted de Bruijn
                  Terms and Vector Substitutions}},
  year =	 {2019},
  booktitle =	 {Proceedings of the 8th ACM SIGPLAN International
                  Conference on Certified Programs and Proofs},
  pages =	 {166--180},
}




@article{coqcoqcorrect,
  author =	 {Sozeau, Matthieu and Boulier, Simon and Forster,
                  Yannick and Tabareau, Nicolas and Winterhalter,
                  Th\'{e}o},
  title =	 {{Coq Coq Correct! Verification of Type Checking and
                  Erasure for Coq, in Coq}},
  year =	 {2019},
  volume =	 {4},
  number =	 {POPL},
  journal =	 {Proc. ACM Program. Lang.},
  articleno =	 {8},
  numpages =	 {28},
}

@article{coc,
  author =	 {Coquand, Thierry and Huet, G{\'e}rard},
  title =	 {{The Calculus of Constructions}},
  journal =	 {Information and Computation},
  volume =	 {76},
  number =	 {2},
  pages =	 {95--120},
  year =	 {1988},
}

@article{forster2021completeness,
  title =	 {{Completeness theorems for first-order logic analysed
                  in constructive type theory: Extended version}},
  author =	 {Forster, Yannick and Kirst, Dominik and Wehr,
                  Dominik},
  journal =	 {Journal of Logic and Computation},
  volume =	 31,
  number =	 1,
  pages =	 {112--151},
  year =	 2021,
}

@article{debruijnamelessdummies,
  title =	 {Lambda calculus notation with nameless dummies, a
                  tool for automatic formula manipulation, with
                  application to the {Church-Rosser} theorem},
  journal =	 {Indagationes Mathematicae (Proceedings)},
  volume =	 {75},
  number =	 {5},
  pages =	 {381--392},
  year =	 {1972},
  author =	 {{de Bruijn}, Nicolaas G.},
}




@phdthesis{brotherstonphd,
  author =	 {Brotherston, James},
  title =	 {Sequent calculus proof systems for inductive
                  definitions},
  school =	 {{School of Informatics}, {University of Edinburgh}},
  year =	 {2006}
}

@phdthesis{stark-phd,
  author =	 {Stark, Kathrin},
  title =	 {{Mechanising Syntax with Binders in Coq}},
  school =	 {{Faculty of Mathematics and Computer Science},
                  {Saarland University}},
  year =	 {2020},
}
